PLEASE NOTE: this file used to contain records for IVOA standards,
mostly with an std: prefix (e.g., "std:TAP").  These records were stale,
did not contain DOIs or bibcodes, and were otherwise so undesirable that
we purged them 2020-11.

If you have documents using these references, please update them, using the
version-sharp, ADS-connected records from docrepo.bib.  See also 
ivoatexDoc 1.2, sect. 3.3.2.

@misc{std:2017ivoa.spec.0519F,
        Author= {Pierre Fernique et al.},
        Organization = {IVOA},
        Title = {HiPS - Hierarchical Progressive Survey},
        Version = {1.0},
        Url = {ivoa.net/documents/HiPS/},
        Year = {2017}
}

@misc{std:2016ivoa.spec.0523D,
        Author= {Demleitner Markus et al.},
        Organization = {IVOA},
        Title = {IVOA Identifiers},
        Version = {1.1},
        Url = {ivoa.net/documents/IVOAIdentifiers/},
        Year = {2016}
}

@misc{std:2020ivoa.spec.0411S,
        Author= {Mathieu Servillat et al.},
        Organization = {IVOA},
        Title = {IVOA Provenance Data Model},
        Version = {1.1},
        Url = {ivoa.net/documents/ProvenanceDM/},
        Year = {2020}
}

@misc{std:2018ivoa.spec.0625P,
        Author= {Ray Plante et al.},
        Organization = {IVOA},
        Title = {VOResource: an XML Encoding Schema for Resource Metadata},
        Version = {1.1},
        Url = {ivoa.net/documents/VOResource/},
        Year = {2018}
}

@misc{std:registry,
       Author = {Demleitner et al.},
       Organization = {IVOA},
       Title = {Registry Interfaces},
       Version = {1.1},
       Url = {https://www.ivoa.net/documents/RegistryInterface/},
       Year = {2014}
}

@misc{std:2019ivoa.spec.1021O,
       Author= {Francois Ochsenbein et al.},
       Organization = {IVOA},
       Title = {VOTable Format Definition},
       Version = {1.4},
       Url = {https://www.ivoa.net/documents/VOTable/},
       Year={2019}
}

@misc{std:2008ivoa.specQ0222P,
       Author= {Roy Williams et al.},
       Organization = {IVOA},
       Title = {Simple Cone Search},
       Version = {1.03},
       Url = {https://www.ivoa.net/documents/latest/ConeSearch.html},
       Year={2008}
}

@misc{std:2017ivoa.spec.0517D,
       Author= {Patrick Dowler et al.},
       Organization = {IVOA},
       Title = {Data Access Layer Interface},
       Version = {1.1},
       Url = {https://www.ivoa.net/documents/DALI/},
       Year={2017}
}

@misc{std:2019ivoa.spec.0927D,
       Author= {Patrick Dowler et al.},
       Organization = {IVOA},
       Title = {Table Access Protocol},
       Version = {1.1},
       Url = {https://www.ivoa.net/documents/TAP/},
       Year={2019}
}

@misc{std:dublincore,
        Author = {{DCMI Usage Board}},
        Date-Added = {2008-01-09 13:41:18 +0000},
        Date-Modified = {2008-01-09 13:43:07 +0000},
        Howpublished = {{DCMI Recommendation}},
        Title = {{DCMI} Metadata Terms},
        Url = {http://dublincore.org/documents/dcmi-terms/},
        Year = {2006}
}

@misc{std:datacite,
       Author = {Datacite},
       Url =  {https://schema.datacite.org/meta/kernel-4.4/doc/DataCite-MetadataKernel_v4.4.pdf},
       Title = {DataCite Metadata Schema},
       Year= {2021}
}

