@MISC{note:opid,
	author={Demleitner, M. and Taylor, M.},
	title={Operational Identification of Software Components in the Virtual Observatory Version 1.0},
	year=2021,
	month=jan,
	howpublished={IVOA Note 15 January 2021},
	url={https://ivoa.net/documents/Notes/softid}
}
